@article{chen2019active,
  title={An active texture-based digital atlas enables automated mapping of structures and markers across brains},
  author={Chen, Yuncong and McElvain, Lauren E and Tolpygo, Alexander S and Ferrante, Daniel and Friedman, Beth and Mitra, Partha P and Karten, Harvey J and Freund, Yoav and Kleinfeld, David},
  journal={Nature methods},
  volume={16},
  number={4},
  pages={341--350},
  year={2019},
  publisher={Nature Publishing Group}
}

@inproceedings{chen2016xgboost,
  title={Xgboost: A scalable tree boosting system},
  author={Chen, Tianqi and Guestrin, Carlos},
  booktitle={Proceedings of the 22nd acm sigkdd international conference on knowledge discovery and data mining},
  pages={785--794},
  year={2016},
  url={https://github.com/dmlc/xgboost}
}

@article{belkin2003,
  title={Laplacian eigenmaps for dimensionality reduction and data representation},
  author={Belkin, Mikhail and Niyogi, Partha},
  journal={Neural computation},
  volume={15},
  number={6},
  pages={1373--1396},
  year={2003},
  publisher={MIT Press}
}

@article{otsu1979threshold,
  title={A threshold selection method from gray-level histograms},
  author={Otsu, Nobuyuki},
  journal={IEEE transactions on systems, man, and cybernetics},
  volume={9},
  number={1},
  pages={62--66},
  year={1979},
  publisher={IEEE}
}

@techreport{arthur2006k,
  title={k-means++: The advantages of careful seeding},
  author={Arthur, David and Vassilvitskii, Sergei},
  year={2006},
  institution={Stanford}
}

@article{coifman2005geometric,
  title={Geometric diffusions as a tool for harmonic analysis and structure definition of data: Diffusion maps},
  author={Coifman, Ronald R and Lafon, Stephane and Lee, Ann B and Maggioni, Mauro and Nadler, Boaz and Warner, Frederick and Zucker, Steven W},
  journal={Proceedings of the national academy of sciences},
  volume={102},
  number={21},
  pages={7426--7431},
  year={2005},
  publisher={National Acad Sciences}
}

@inproceedings{freund1996,
  title={Experiments with a new boosting algorithm},
  author={Freund, Yoav and Schapire, Robert E and others},
  booktitle={icml},
  volume={96},
  pages={148--156},
  year={1996},
  organization={Citeseer}
}

@book{mai2015atlas,
  title={Atlas of the human brain},
  author={Mai, J{\"u}rgen K and Majtanik, Milan and Paxinos, George},
  year={2015},
  publisher={Academic Press}
}

@inproceedings{xgboost,
  title={Xgboost: A scalable tree boosting system},
  author={Chen, Tianqi and Guestrin, Carlos},
  booktitle={Proceedings of the 22nd acm sigkdd international conference on knowledge discovery and data mining},
  pages={785--794},
  year={2016}
}

@article{hu1962visual,
  title={Visual pattern recognition by moment invariants},
  author={Hu, Ming-Kuei},
  journal={IRE transactions on information theory},
  volume={8},
  number={2},
  pages={179--187},
  year={1962},
  publisher={IEEE}
}

@article{haghverdi2015diffusion,
  title={Diffusion maps for high-dimensional single-cell analysis of differentiation data},
  author={Haghverdi, Laleh and Buettner, Florian and Theis, Fabian J},
  journal={Bioinformatics},
  volume={31},
  number={18},
  pages={2989--2998},
  year={2015},
  publisher={Oxford University Press}
}


@book{franklin2019paxinos,
  title={Paxinos and Franklin's the Mouse Brain in Stereotaxic Coordinates, Compact: The Coronal Plates and Diagrams},
  author={Franklin, Keith BJ and Paxinos, George},
  year={2019},
  publisher={Academic Press}
}

@article{wang2020allen,
  title={The Allen mouse brain common coordinate framework: a 3D reference atlas},
  author={Wang, Quanxin and Ding, Song-Lin and Li, Yang and Royall, Josh and Feng, David and Lesnar, Phil and Graddis, Nile and Naeemi, Maitham and Facer, Benjamin and Ho, Anh and others},
  journal={Cell},
  volume={181},
  number={4},
  pages={936--953},
  year={2020},
  publisher={Elsevier}
}

%%%% Computer Aided Diagnostics

@article{doi2007computer,
  title={Computer-aided diagnosis in medical imaging: historical review, current status and future potential},
  author={Doi, Kunio},
  journal={Computerized medical imaging and graphics},
  volume={31},
  number={4-5},
  pages={198--211},
  year={2007},
  publisher={Elsevier}
}

@article{gillies2016radiomics,
  title={Radiomics: images are more than pictures, they are data},
  author={Gillies, Robert J and Kinahan, Paul E and Hricak, Hedvig},
  journal={Radiology},
  volume={278},
  number={2},
  pages={563--577},
  year={2016},
  publisher={Radiological Society of North America}
}

% Automated Mouse Neuroanatomy

@article{ali2005automated,
  title={Automated segmentation of neuroanatomical structures in multispectral MR microscopy of the mouse brain},
  author={Ali, Anjum A and Dale, Anders M and Badea, Alexandra and Johnson, G Allan},
  journal={Neuroimage},
  volume={27},
  number={2},
  pages={425--435},
  year={2005},
  publisher={Elsevier}
}

@article{lerch2008automated,
  title={Automated deformation analysis in the YAC128 Huntington disease mouse model},
  author={Lerch, Jason P and Carroll, Jeffrey B and Spring, Shoshana and Bertram, Lisa N and Schwab, Claudia and Hayden, Michael R and Henkelman, R Mark},
  journal={Neuroimage},
  volume={39},
  number={1},
  pages={32--39},
  year={2008},
  publisher={Elsevier}
}

%%% Boosting

@article{bartlett1998boosting,
  title={Boosting the margin: A new explanation for the effectiveness of voting methods},
  author={Bartlett, Peter and Freund, Yoav and Lee, Wee Sun and Schapire, Robert E},
  journal={The annals of statistics},
  volume={26},
  number={5},
  pages={1651--1686},
  year={1998},
  publisher={Institute of Mathematical Statistics}
}

%% Domain adaptation

@article{wang2018deep,
  title={Deep visual domain adaptation: A survey},
  author={Wang, Mei and Deng, Weihong},
  journal={Neurocomputing},
  volume={312},
  pages={135--153},
  year={2018},
  publisher={Elsevier}
}

%% Transfer Learning

@article{weiss2016survey,
  title={A survey of transfer learning},
  author={Weiss, Karl and Khoshgoftaar, Taghi M and Wang, DingDing},
  journal={Journal of Big data},
  volume={3},
  number={1},
  pages={1--40},
  year={2016},
  publisher={SpringerOpen}
}

%% Inter-rater variability

@article{gellhorn2013inter,
  title={Inter-rater, intra-rater, and inter-machine reliability of quantitative ultrasound measurements of the patellar tendon},
  author={Gellhorn, Alfred C and Carlson, M Jake},
  journal={Ultrasound in medicine \& biology},
  volume={39},
  number={5},
  pages={791--796},
  year={2013},
  publisher={Elsevier}
}